<record xmlns="http://www.loc.gov/MARC21/slim" xmlns:xsi="http://www.w3.org/2001/XMLSchema-instance" xsi:schemaLocation="http://www.loc.gov/MARC21/slim http://www.loc.gov/standards/marcxml/schema/MARC21slim.xsd"><leader>02671nam a2200421   4500</leader><controlfield tag="001">001679878</controlfield><controlfield tag="003">NNU</controlfield><controlfield tag="006">m        d        </controlfield><controlfield tag="007">cr cn |||m|||a</controlfield><controlfield tag="008">150222m19701970iq h    ob    000 0 ara</controlfield><datafield ind1=" " ind2=" " tag="040"><subfield code="a">NNU</subfield><subfield code="b">eng</subfield><subfield code="e">rda</subfield><subfield code="c">NNU</subfield></datafield><datafield ind1=" " ind2="4" tag="050"><subfield code="a">PJ6171</subfield><subfield code="b">.Z3 1970</subfield></datafield><datafield ind1="1" ind2=" " tag="100"><subfield code="6">880-01</subfield><subfield code="a">Zamakhshari&#772;, Mah&#803;mu&#772;d ibn &#699;Umar,</subfield><subfield code="d">1075-1144.</subfield></datafield><datafield ind1="1" ind2="3" tag="245"><subfield code="6">880-02</subfield><subfield code="a">al-Qist&#803;a&#772;s al-mustaqi&#772;m fi&#772; &#699;ilm al-&#699;uru&#772;d&#803; /</subfield><subfield code="c">ta&#700;li&#772;f Ja&#772;r Alla&#772;h Abi&#772; al-Qa&#772;sim Mah&#803;mu&#772;d ibn &#699;Umar ibn Muh&#803;ammad ibn &#699;Umar al-Khawa&#772;rzami&#772; al-Zamakhshari&#772; ; h&#803;aqqaqathu wa-&#699;allaqat h&#803;awa&#772;shihi Bahi&#772;jah Ba&#772;qir al-H&#803;asani&#772; ; qaddama lahu Kama&#772;l Ibra&#772;hi&#772;m wa-S&#803;afa&#772;&#700; Khulu&#772;si&#803;&#772;.</subfield></datafield><datafield ind1="1" ind2="4" tag="246"><subfield code="6">880-03</subfield><subfield code="a">Kistas al-mustakim fi&#772; &#699;ilm al-&#699;arud</subfield></datafield><datafield ind1=" " ind2=" " tag="260"><subfield code="6">880-04</subfield><subfield code="a">Baghda&#772;d :</subfield><subfield code="b">Maktabat al-Andalus,</subfield><subfield code="c">1969 [i.e. 1970]</subfield></datafield><datafield ind1=" " ind2=" " tag="300"><subfield code="a">online resource (318 pages) :</subfield><subfield code="b">facsimiles</subfield></datafield><datafield ind1=" " ind2=" " tag="336"><subfield code="a">text</subfield><subfield code="2">rdacontent</subfield></datafield><datafield ind1=" " ind2=" " tag="337"><subfield code="a">computer</subfield><subfield code="2">rdamedia</subfield></datafield><datafield ind1=" " ind2=" " tag="338"><subfield code="a">online resource</subfield><subfield code="2">rdacarrier</subfield></datafield><datafield ind1=" " ind2=" " tag="500"><subfield code="a">Part of the Arabic Collections Online (ACO) project, contributed by New York Univeristy Libraries.</subfield></datafield><datafield ind1=" " ind2=" " tag="504"><subfield code="a">Includes bibliographical references (pages 273-279).</subfield></datafield><datafield ind1=" " ind2=" " tag="533"><subfield code="a">Electronic reproduction.</subfield><subfield code="b">New York, N.Y. :</subfield><subfield code="c">New York University,</subfield><subfield code="d">2015.</subfield><subfield code="5">NNU</subfield></datafield><datafield ind1=" " ind2="0" tag="650"><subfield code="a">Arabic language</subfield><subfield code="x">Versification.</subfield></datafield><datafield ind1=" " ind2="7" tag="650"><subfield code="a">Arabic language</subfield><subfield code="x">Versification.</subfield><subfield code="2">fast</subfield><subfield code="0">(OCoLC)fst00812458</subfield></datafield><datafield ind1="1" ind2=" " tag="700"><subfield code="6">880-05</subfield><subfield code="a">H&#803;asani&#772;, Bahi&#772;jah.</subfield></datafield><datafield ind1="2" ind2=" " tag="710"><subfield code="a">New York University.</subfield><subfield code="b">Libraries.</subfield></datafield><datafield ind1="0" ind2=" " tag="730"><subfield code="a">Arabic Collections Online.</subfield></datafield><datafield ind1="0" ind2="8" tag="776"><subfield code="i">Online version:</subfield><subfield code="a">Zamakhshari&#772;, Mah&#803;mu&#772;d ibn &#699;Umar, 1075-1144.</subfield><subfield code="t">Qist&#803;a&#772;s al-mustaqi&#772;m fi&#772; &#699;ilm al-&#699;uru&#772;d&#803;.</subfield><subfield code="d">Baghda&#772;d : Maktabat al-Andalus, 1969 [i.e. 1970]</subfield><subfield code="w">(OCoLC)580922826</subfield></datafield><datafield ind1="0" ind2="8" tag="776"><subfield code="i">Print version:</subfield><subfield code="a">Zamakhshari&#772;, Mah&#803;mu&#772;d ibn &#699;Umar, 1075-1144.</subfield><subfield code="t">al-Qist&#803;a&#772;s al-mustaqi&#772;m fi&#772; &#699;ilm al-&#699;uru&#772;d&#803;</subfield><subfield code="w">(NNU)001679878</subfield><subfield code="w">(DLC)   74962704</subfield></datafield><datafield ind1="4" ind2="0" tag="856"><subfield code="u">http://hdl.handle.net/2333.1/0vt4bb60</subfield></datafield><datafield ind1="1" ind2=" " tag="880"><subfield code="6">100-01/</subfield><subfield code="a">&#1586;&#1605;&#1582;&#1588;&#1585;&#1610;&#1548; &#1605;&#1581;&#1605;&#1608;&#1583; &#1576;&#1606; &#1593;&#1605;&#1585;&#1548;,</subfield><subfield code="d">1075-1144.</subfield></datafield><datafield ind1="1" ind2="2" tag="880"><subfield code="6">245-02/</subfield><subfield code="a">&#1575;&#1604;&#1602;&#1587;&#1591;&#1575;&#1587; &#1575;&#1604;&#1605;&#1587;&#1578;&#1602;&#1610;&#1605; &#1601;&#1610; &#1593;&#1604;&#1605; &#1575;&#1604;&#1593;&#1585;&#1608;&#1590; /</subfield><subfield code="c">&#1578;&#1571;&#1604;&#1610;&#1601; &#1580;&#1575;&#1585; &#1575;&#1604;&#1604;&#1607; &#1571;&#1576;&#1610; &#1575;&#1604;&#1602;&#1575;&#1587;&#1605; &#1605;&#1581;&#1605;&#1608;&#1583; &#1576;&#1606; &#1593;&#1605;&#1585; &#1576;&#1606; &#1605;&#1581;&#1605;&#1583; &#1576;&#1606; &#1593;&#1605;&#1585; &#1575;&#1604;&#1582;&#1608;&#1575;&#1585;&#1586;&#1605;&#1610; &#1575;&#1604;&#1586;&#1605;&#1582;&#1588;&#1585;&#1610; &#1563; &#1581;&#1602;&#1602;&#1578;&#1607; &#1608;&#1593;&#1604;&#1602;&#1578; &#1581;&#1608;&#1575;&#1588;&#1607; &#1576;&#1607;&#1610;&#1580;&#1577; &#1576;&#1575;&#1602;&#1585; &#1575;&#1604;&#1581;&#1587;&#1606;&#1610; &#1563; &#1602;&#1583;&#1605; &#1604;&#1607; &#1603;&#1605;&#1575;&#1604; &#1573;&#1576;&#1585;&#1575;&#1607;&#1610;&#1605; &#1608;&#1589;&#1601;&#1575;&#1569; &#1582;&#1604;&#1608;&#1587;&#1610;.</subfield></datafield><datafield ind1="1" ind2="4" tag="880"><subfield code="6">246-03/</subfield><subfield code="a">&#1602;&#1587;&#1591;&#1575;&#1587; &#1575;&#1604;&#1605;&#1587;&#1578;&#1602;&#1610;&#1605; &#1601;&#1610; &#1593;&#1604;&#1605; &#1575;&#1604;&#1593;&#1585;&#1608;&#1590;</subfield></datafield><datafield ind1=" " ind2=" " tag="880"><subfield code="6">260-04/</subfield><subfield code="a">&#1576;&#1594;&#1583;&#1575;&#1583; :</subfield><subfield code="b">&#1605;&#1603;&#1578;&#1576;&#1577; &#1575;&#1604;&#1571;&#1606;&#1583;&#1604;&#1587;&#1548;</subfield><subfield code="c">1969 [i.e. 1970]</subfield></datafield><datafield ind1="1" ind2=" " tag="880"><subfield code="6">700-05/</subfield><subfield code="a">&#1581;&#1587;&#1606;&#1610;&#1548; &#1576;&#1607;&#1610;&#1580;&#1577;.</subfield></datafield><datafield ind1=" " ind2=" " tag="959"><subfield code="a">NNU</subfield><subfield code="b">WEB</subfield><subfield code="c">GENI</subfield><subfield code="t">0</subfield><subfield code="m">Electronic access</subfield><subfield code="s">01</subfield></datafield><datafield ind1=" " ind2=" " tag="999"><subfield code="i">NNU_001679878</subfield><subfield code="s">nyu_aco000260</subfield></datafield></record>